@article{gavish1978travelling,
  title     = {The travelling salesman problem and related problems},
  author    = {Gavish, Bezalel and Graves, Stephen C},
  year      = {1978},
  publisher = {Massachusetts Institute of Technology, Operations Research Center}
}

@article{johnson1997traveling,
  title={The traveling salesman problem: A case study in local optimization},
  author={Johnson, David S and McGeoch, Lyle A},
  journal={Local search in combinatorial optimization},
  volume={1},
  number={1},
  pages={215--310},
  year={1997},
  publisher={Chichester, UK}
}

@dataset{VLSIdata,
  title   = {VLSI Data Sets},
  authore = {Rohe, Andre},
  url     = {https://www.math.uwaterloo.ca/tsp/vlsi/index.html}
}